@misc{Microchip_Technology_2011, title={ATTINY4313-PU}, url={https://www.digikey.com/en/products/detail/microchip-technology/ATTINY4313-PU/2271083}, journal={digikey.com}, author={MicrochipTechnology }, year={2011}} 


@misc{Christoffersen_2015, title={Switch Bounce and how to deal with it}, url={https://www.allaboutcircuits.com/technical-articles/switch-bounce-how-to-deal-with-it/}, journal={All About Circuits}, author={Christoffersen, Jens}, year={2015}}